%% This BibTeX bibliography file was created using BibDesk.
%% https://bibdesk.sourceforge.io/

%% Created for 夜修 at 2022-12-03 21:59:52 +0000 


%% Saved with string encoding Unicode (UTF-8) 


@article{moradigaravand2018prediction,
  title={Prediction of antibiotic resistance in Escherichia coli from large-scale pan-genome data},
  author={Moradigaravand, Danesh and Palm, Martin and Farewell, Anne and Mustonen, Ville and Warringer, Jonas and Parts, Leopold},
  journal={PLoS computational biology},
  volume={14},
  number={12},
  pages={e1006258},
  year={2018},
  publisher={Public Library of Science San Francisco, CA USA}
}
@article{panis2022novel,
  title={The Novel Role of Tyrosinase Enzymes in the Storage of Globally Significant Amounts of Carbon in Wetland Ecosystems},
  author={Panis, Felix and Rompel, Annette},
  journal={Environmental Science \& Technology},
  volume={56},
  number={17},
  pages={11952--11968},
  year={2022},
  publisher={ACS Publications}
}
@article{janusz2017lignin,
  title={Lignin degradation: microorganisms, enzymes involved, genomes analysis and evolution},
  author={Janusz, Grzegorz and Pawlik, Anna and Sulej, Justyna and {\'S}widerska-Burek, Urszula and Jarosz-Wilko{\l}azka, Anna and Paszczy{\'n}ski, Andrzej},
  journal={FEMS microbiology reviews},
  volume={41},
  number={6},
  pages={941--962},
  year={2017},
  publisher={Oxford University Press}
}
@article{panis2021expression,
  title={Expression, purification, and characterization of a well-adapted tyrosinase from peatlands identified by partial community analysis},
  author={Panis, Felix and Krachler, Rudolf F and Krachler, Regina and Rompel, Annette},
  journal={Environmental Science \& Technology},
  volume={55},
  number={16},
  pages={11445--11454},
  year={2021},
  publisher={ACS Publications}
}