@article{houghton2005global,
  title={Global warming},
  author={Houghton, John},
  journal={Reports on progress in physics},
  volume={68},
  number={6},
  pages={1343},
  year={2005},
  publisher={IOP Publishing}
}
@article{sodangi2011climate,
  title={Climate change: causes and effects on African agriculture},
  author={Sodangi, Ibrahim Abbas and Izge, AU and Maina, YT},
  year={2011},
  publisher={International Centre for Integrated Development Research}
}
@article{smith2008impact,
  title={Impact of global warming on soil organic carbon},
  author={Smith, Pete and Fang, Changming and Dawson, Julian JC and Moncrieff, John B},
  journal={Advances in agronomy},
  volume={97},
  pages={1--43},
  year={2008},
  publisher={Elsevier}
}
@article{grace2004understanding,
  title={Understanding and managing the global carbon cycle},
  author={Grace, John},
  journal={Journal of Ecology},
  volume={92},
  number={2},
  pages={189--202},
  year={2004},
  publisher={Wiley Online Library}
}
@article{schlesinger2000soil,
  title={Soil respiration and the global carbon cycle},
  author={Schlesinger, William H and Andrews, Jeffrey A},
  journal={Biogeochemistry},
  volume={48},
  pages={7--20},
  year={2000},
  publisher={Springer}
}
@article{houghton2009importance,
  title={Importance of biomass in the global carbon cycle},
  author={Houghton, RA and Hall, Forrest and Goetz, Scott J},
  journal={Journal of Geophysical Research: Biogeosciences},
  volume={114},
  number={G2},
  year={2009},
  publisher={Wiley Online Library}
}
@article{falkowski2000global,
  title={The global carbon cycle: a test of our knowledge of earth as a system},
  author={Falkowski, Paul and Scholes, RJ and Boyle, EEA and Canadell, Josep and Canfield, Donald and Elser, James and Gruber, Nicolas and Hibbard, Kathy and H{\"o}gberg, Peter and Linder, Sune and others},
  journal={science},
  volume={290},
  number={5490},
  pages={291--296},
  year={2000},
  publisher={American Association for the Advancement of Science}
}
@article{helbling2023global,
  title={Global warming and urbanization},
  author={Helbling, Marc and Meierrieks, Daniel},
  journal={Journal of Population Economics},
  volume={36},
  number={3},
  pages={1187--1223},
  year={2023},
  publisher={Springer}
}
@article{hawkins2023mycorrhizal,
  title={Mycorrhizal mycelium as a global carbon pool},
  author={Hawkins, Heidi-Jayne and Cargill, Rachael IM and Van Nuland, Michael E and Hagen, Stephen C and Field, Katie J and Sheldrake, Merlin and Soudzilovskaia, Nadejda A and Kiers, E Toby},
  journal={Current Biology},
  volume={33},
  number={11},
  pages={R560--R573},
  year={2023},
  publisher={Elsevier}
}
@article{wani2023multi,
  title={Multi-scale processes influencing global carbon storage and land-carbon-climate nexus: A critical review},
  author={Wani, Owais Ali and Kumar, Shamal Shasang and Hussain, Nazir and Wani, Anas Ibni Ali and Subhash, BABU and Parvej, ALAM and Rashid, Megna and Popescu, Simona Mariana and Mansoor, Sheikh},
  journal={Pedosphere},
  volume={33},
  number={2},
  pages={250--267},
  year={2023},
  publisher={Elsevier}
}
@article{hassan2023tyrosinase,
  title={Tyrosinase inhibitors naturally present in plants and synthetic modifications of these natural products as anti-melanogenic agents: a review},
  author={Hassan, Mubashir and Shahzadi, Saba and Kloczkowski, Andrzej},
  journal={Molecules},
  volume={28},
  number={1},
  pages={378},
  year={2023},
  publisher={MDPI}
}
@article{seo2003mushroom,
  title={Mushroom tyrosinase: recent prospects},
  author={Seo, Sung-Yum and Sharma, Vinay K and Sharma, Niti},
  journal={Journal of agricultural and food chemistry},
  volume={51},
  number={10},
  pages={2837--2853},
  year={2003},
  publisher={ACS Publications}
}
@article{panis2022novel,
  title={The Novel Role of Tyrosinase Enzymes in the Storage of Globally Significant Amounts of Carbon in Wetland Ecosystems},
  author={Panis, Felix and Rompel, Annette},
  journal={Environmental Science \& Technology},
  volume={56},
  number={17},
  pages={11952--11968},
  year={2022},
  publisher={ACS Publications}
}
@article{panis2021expression,
  title={Expression, purification, and characterization of a well-adapted tyrosinase from peatlands identified by partial community analysis},
  author={Panis, Felix and Krachler, Rudolf F and Krachler, Regina and Rompel, Annette},
  journal={Environmental Science \& Technology},
  volume={55},
  number={16},
  pages={11445--11454},
  year={2021},
  publisher={ACS Publications}
}
@incollection{de2020microbial,
  title={Microbial diversity and functional potential in wetland ecosystems},
  author={De Mandal, Surajit and Laskar, Folguni and Panda, Amrita Kumari and Mishra, Rojita},
  booktitle={Recent Advancements in Microbial Diversity},
  pages={289--314},
  year={2020},
  publisher={Elsevier}
}
@article{slatko2018overview,
  title={Overview of next-generation sequencing technologies},
  author={Slatko, Barton E and Gardner, Andrew F and Ausubel, Frederick M},
  journal={Current protocols in molecular biology},
  volume={122},
  number={1},
  pages={e59},
  year={2018},
  publisher={Wiley Online Library}
}
@article{metzker2010sequencing,
  title={Sequencing technologiesâ€”the next generation},
  author={Metzker, Michael L},
  journal={Nature reviews genetics},
  volume={11},
  number={1},
  pages={31--46},
  year={2010},
  publisher={Nature Publishing Group UK London}
}
@article{wooley2010primer,
  title={A primer on metagenomics},
  author={Wooley, John C and Godzik, Adam and Friedberg, Iddo},
  journal={PLoS computational biology},
  volume={6},
  number={2},
  pages={e1000667},
  year={2010},
  publisher={Public Library of Science San Francisco, USA}
}
@article{daniel2005metagenomics,
  title={The metagenomics of soil},
  author={Daniel, Rolf},
  journal={Nature reviews microbiology},
  volume={3},
  number={6},
  pages={470--478},
  year={2005},
  publisher={Nature Publishing Group UK London}
}
@article{sleator2008metagenomics,
  title={Metagenomics},
  author={Sleator, Roy D and Shortall, C and Hill, C},
  journal={Letters in applied microbiology},
  volume={47},
  number={5},
  pages={361--366},
  year={2008},
  publisher={Blackwell Science Ltd Oxford, UK}
}
@article{eberly2007multiple,
  title={Multiple linear regression},
  author={Eberly, Lynn E},
  journal={Topics in Biostatistics},
  pages={165--187},
  year={2007},
  publisher={Springer}
}
@article{yang2013exploring,
  title={Exploring variation of antibiotic resistance genes in activated sludge over a four-year period through a metagenomic approach},
  author={Yang, Ying and Li, Bing and Ju, Feng and Zhang, Tong},
  journal={Environmental science \& technology},
  volume={47},
  number={18},
  pages={10197--10205},
  year={2013},
  publisher={ACS Publications}
}
@article{segata2012metagenomic,
  title={Metagenomic microbial community profiling using unique clade-specific marker genes},
  author={Segata, Nicola and Waldron, Levi and Ballarini, Annalisa and Narasimhan, Vagheesh and Jousson, Olivier and Huttenhower, Curtis},
  journal={Nature methods},
  volume={9},
  number={8},
  pages={811--814},
  year={2012},
  publisher={Nature Publishing Group US New York}
}
@article{kristiansson2011pyrosequencing,
  title={Pyrosequencing of antibiotic-contaminated river sediments reveals high levels of resistance and gene transfer elements},
  author={Kristiansson, Erik and Fick, Jerker and Janzon, Anders and Grabic, Roman and Rutgersson, Carolin and Weijdeg{\aa}rd, Birgitta and S{\"o}derstr{\"o}m, Hanna and Larsson, DG Joakim},
  journal={PloS one},
  volume={6},
  number={2},
  pages={e17038},
  year={2011},
  publisher={Public Library of Science San Francisco, USA}
}
@inproceedings{nolan2006beachcomber,
  title={Beachcomber biology: The Shannon-Weiner species diversity index},
  author={Nolan, Kathleen A and Callahan, Jill E},
  booktitle={Proc. workshop able},
  volume={27},
  pages={334--338},
  year={2006}
}
@article{cohen2009pearson,
  title={Pearson correlation coefficient},
  author={Cohen, Israel and Huang, Yiteng and Chen, Jingdong and Benesty, Jacob and Benesty, Jacob and Chen, Jingdong and Huang, Yiteng and Cohen, Israel},
  journal={Noise reduction in speech processing},
  pages={1--4},
  year={2009},
  publisher={Springer}
}
@article{erhard2018estimating,
  title={Estimating pseudocounts and fold changes for digital expression measurements},
  author={Erhard, Florian},
  journal={Bioinformatics},
  volume={34},
  number={23},
  pages={4054--4063},
  year={2018},
  publisher={Oxford University Press}
}
@article{ho2019moving,
  title={Moving beyond P values: data analysis with estimation graphics},
  author={Ho, Joses and Tumkaya, Tayfun and Aryal, Sameer and Choi, Hyungwon and Claridge-Chang, Adam},
  journal={Nature methods},
  volume={16},
  number={7},
  pages={565--566},
  year={2019},
  publisher={Nature Publishing Group US New York}
}
@article{kim2015t,
  title={T test as a parametric statistic},
  author={Kim, Tae Kyun},
  journal={Korean journal of anesthesiology},
  volume={68},
  number={6},
  pages={540--546},
  year={2015},
  publisher={The Korean Society of Anesthesiologists}
}
@article{pedregosa2011scikit,
  title={Scikit-learn: Machine learning in Python},
  author={Pedregosa, Fabian and Varoquaux, Ga{\"e}l and Gramfort, Alexandre and Michel, Vincent and Thirion, Bertrand and Grisel, Olivier and Blondel, Mathieu and Prettenhofer, Peter and Weiss, Ron and Dubourg, Vincent and others},
  journal={the Journal of machine Learning research},
  volume={12},
  pages={2825--2830},
  year={2011},
  publisher={JMLR. org}
}
@article{ci1987confidence,
  title={Confidence intervals},
  author={Ci, Bulpitt and Rule, Round-Off},
  journal={Lancet},
  volume={1},
  number={8531},
  pages={494--7},
  year={1987}
}
@article{buchfink2015fast,
  title={Fast and sensitive protein alignment using DIAMOND},
  author={Buchfink, Benjamin and Xie, Chao and Huson, Daniel H},
  journal={Nature methods},
  volume={12},
  number={1},
  pages={59--60},
  year={2015},
  publisher={Nature Publishing Group US New York}
}
@inproceedings{barrett2005matplotlib,
  title={matplotlib--A Portable Python Plotting Package},
  author={Barrett, Paul and Hunter, John and Miller, J Todd and Hsu, J-C and Greenfield, Perry},
  booktitle={Astronomical data analysis software and systems XIV},
  volume={347},
  pages={91},
  year={2005}
}
@article{edwards2002origin,
  title={Origin 7.0: scientific graphing and data analysis software},
  author={Edwards, Phillip M},
  journal={Journal of chemical information and computer sciences},
  volume={42},
  number={5},
  pages={1270--1271},
  year={2002},
  publisher={ACS Publications}
}
@incollection{beals1984bray,
  title={Bray-Curtis ordination: an effective strategy for analysis of multivariate ecological data},
  author={Beals, Edward W},
  booktitle={Advances in ecological research},
  volume={14},
  pages={1--55},
  year={1984},
  publisher={Elsevier}
}
@inproceedings{bastian2009gephi,
  title={Gephi: an open source software for exploring and manipulating networks},
  author={Bastian, Mathieu and Heymann, Sebastien and Jacomy, Mathieu},
  booktitle={Proceedings of the international AAAI conference on web and social media},
  volume={3},
  number={1},
  pages={361--362},
  year={2009}
}
@article{varadi2017methods,
  title={Methods for the detection and identification of pathogenic bacteria: past, present, and future},
  author={V{\'a}radi, Linda and Luo, Jia Lin and Hibbs, David E and Perry, John D and Anderson, Rosaleen J and Orenga, Sylvain and Groundwater, Paul W},
  journal={Chemical Society Reviews},
  volume={46},
  number={16},
  pages={4818--4832},
  year={2017},
  publisher={Royal Society of Chemistry}
}
@article{thukral2017review,
  title={A review on measurement of Alpha diversity in biology.},
  author={Thukral, Ashwani K},
  journal={Agricultural Research Journal},
  volume={54},
  number={1},
  year={2017}
}
@article{socolar2016should,
  title={How should beta-diversity inform biodiversity conservation?},
  author={Socolar, Jacob B and Gilroy, James J and Kunin, William E and Edwards, David P},
  journal={Trends in ecology \& evolution},
  volume={31},
  number={1},
  pages={67--80},
  year={2016},
  publisher={Elsevier}
}
@article{moradigaravand2018prediction,
  title={Prediction of antibiotic resistance in Escherichia coli from large-scale pan-genome data},
  author={Moradigaravand, Danesh and Palm, Martin and Farewell, Anne and Mustonen, Ville and Warringer, Jonas and Parts, Leopold},
  journal={PLoS computational biology},
  volume={14},
  number={12},
  pages={e1006258},
  year={2018},
  publisher={Public Library of Science San Francisco, CA USA}
}
@article{sun2021predicting,
  title={Predicting antibiotic resistance gene abundance in activated sludge using shotgun metagenomics and machine learning},
  author={Sun, Yuepeng and Clarke, Bertrand and Clarke, Jennifer and Li, Xu},
  journal={Water Research},
  volume={202},
  pages={117384},
  year={2021},
  publisher={Elsevier}
}
@article{maulud2020review,
  title={A review on linear regression comprehensive in machine learning},
  author={Maulud, Dastan and Abdulazeez, Adnan M},
  journal={Journal of Applied Science and Technology Trends},
  volume={1},
  number={4},
  pages={140--147},
  year={2020}
}
@article{wickham2006introduction,
  title={An introduction to ggplot: An implementation of the grammar of graphics in R},
  author={Wickham, Hadley},
  journal={Statistics},
  pages={1--8},
  year={2006},
  publisher={Citeseer}
}
@article{bisong2019introduction,
  title={Introduction to Scikit-learn},
  author={Bisong, Ekaba and Bisong, Ekaba},
  journal={Building Machine Learning and Deep Learning Models on Google Cloud Platform: A Comprehensive Guide for Beginners},
  pages={215--229},
  year={2019},
  publisher={Springer}
}
@article{kramer2016scikit,
  title={Scikit-learn},
  author={Kramer, Oliver and Kramer, Oliver},
  journal={Machine learning for evolution strategies},
  pages={45--53},
  year={2016},
  publisher={Springer}
}











































































